@book{Reif,
author = {F. Reif},
title = {Fundamentos de f\'isica estad\'istica y t\'ermica},
publisher = {Ed. del Castillo},
year = {1968},
}

@book{McDaniel,
author = {E. W. Mc Daniel, E. A. Mason},
title = {The mobility and diffusion of ions in gases},
publisher = {John Wiley and Sons},
}

@book{Sanchez,
editor = {C. Sanchez del Río (coordinador)},
title = {F\'isica cu\'antica},
publisher = {Pir\'amide},
}

@book{Loui,
author = {W. H. Louisell},
title = {Quantum statistical properties of radiation},
publisher = {John Wiley and Sons},
}

@book{Ross,
author = {D. Ross},
title = {Lasers: light amplifiers and oscillators},
publisher = {John Wiley and Sons},
}

@book{Siegman,
author = {A. E. Siegman},
title = {Lasers},
publisher = {Oxford University Press},
}

