% Bibliografía sobre variedades simplécticas

@book{abrfou,
	author={R. Abraham and J. E. Marsden},
	title={Foundations of mechanics},
	publisher={Addison Wesley},
	year={1978}
}

@book{abrman,
	author={R. Abraham, J. Marsen and T. Ratiu},
	title={Manifolds, tensors, analysis, and applications},
	publisher={Internet},
	year={2000}
}

@book{analec,
	author={Ana Cannas da Silva},
	title={Lectures on symplectic geometry},
	publisher={Internet},
	year={2000}
}

@book{arnmat,
	author={V. Arnold},
	title={Mathematical methods of classical mechanics},
	abstract={Traducido al espa\~nol.},
	publisher={Graduate Texts in Math. 60, Springer-Verlag, New York},
	year={1978}
}

@book{artalg,
	author={E. Artin},
	title={Álgebra geométrica},
	publisher={Limusa},
	year={1992}
}

@book{baimec,
	author={J. Baillieul , A. M. Bloch, P. E. Crouch and J. E. Marsden},
	title={Mechanics, control, and variational principles},
	publisher={Internet},
	year={1998}
}

@book{bisten,
	author={R. L. Bishop and S. I. Goldbert},
	title={Tensor analysis on manifolds},
	publisher={Dover},
	year={1981}
}

@book{carles,
	author={E. Cartan},
	title={Le{\c{c}}ons sur les invariants intégraux},
	publisher={Paris, Hermman},
	year={1922}
}

@book{fladif,
	author={H. Flanders},
	title={Differential forms with applications to the physical science},
	publisher={Academic Press},
	year={1963}
}

@book{gobgeo,
	author={C. Godbillon},
	title={Geometr{\'i}a diferencial y mec\'anica an\'alitica}
}

@book{gotthe,
	author={Gotay},
	title={The symplectization of science},
	publisher={Internet},
	year={1992}
}

@book{heralg,
	author={D. Hernández Ruipérez},
	title={Álgebra lineal},
	publisher={Universidad de Salamanca},
	year={1987}
}

@book{hofham,
	author={H. Hofer},
	title={Hamiltonian dynamics, variational principles and symplectic invariants},
	publisher={Internet}
}

@book{ishmod,
	author={Isham},
	title={Modern differential geometry for physicists },
	publisher={World Scientific },
	year={1999}
}

@book{kirele,
	author={A. A. Kirillov},
	title={Elements of the theory of representations. },
	publisher={Grundlehren Math. Wiss. Springer-Verlag.},
	year={1976}
}

@book{lersym,
	author={E. Lerman},
	title={Symplectic geometry and hamiltonian systems},
	publisher={Internet}
}

@article{linnew,
	author={André Lichnerowicz},
	title={New geometrical dynamics}
}

@book{marint,
	author={J. Marsden and T. Ratiu},
	title={Introduction to mechanics and symmetry. A basic exposition of classical mechanical systems},
	abstract={También en formato pdf, 1998},
	publisher={Texts in Applied Mathematics 17, Springer-Verlag, New York},
	year={1994}
}

@book{marmec,
	author={J. Marsden and T. Ratiu},
	title={Mechanics and symmetry. Reduction theory},
	publisher={Internet},
	year={1998}
}

@book{milmor,
	author={J. Milnor},
	title={Morse theory},
	publisher={Annals of Mathematics Studies 51, Princeton University Press, Princeton,},
	year={1963}
}

@book{misaco,
	author={A. Mishchenko and A. Fomenko},
	title={A course of differential geometry and topology},
	publisher={Editorial MIR},
	year={1988}
}

@book{munecu,
	author={Jesús Muñoz},
	title={Ecuaciones diferenciales I},
	publisher={Universidad de Salamanca}
}

@booklet{munmec,
	author={Jesús Muñoz},
	title={Mecánica clásica},
	abstract={Apuntes manuscritos}
}

@book{ortsym,
	author={J. P. Ortega Lahuerta},
	title={Symmetry, reduction and stability in hamiltonian systems},
	publisher={Internet},
	year={1998}
}

@book{parcou,
	author={B. Parissé},
	title={Cours de geométrie différentiel et symplectique},
	publisher={Internet},
	year={1995}
}

@book{phaint,
	author={Pham Mau Quam},
	title={Introduction à la géométrie des variétés différen­tiables},
	publisher={Dunod},
	year={1969}
}

@book{schgeo,
	author={B. F. Schutz },
	title={Geometrical Methods of Mathematical Physics },
	publisher={Cambridge Univ. Press },
	year={1980}
}

@book{segsym,
	author={Segal},
	title={Symplectic manifolds and quantization},
	publisher={Internet}
}

@book{soustr,
	author={J. M. Souriau},
	title={Structure des systèmes dynamiques},
	publisher={Dunod, Paris},
	year={1970}
}

@book{stelec,
	author={S. Sternberg},
	title={Lectures on differential geometry},
	publisher={New York, Prentice Hall},
	year={1964}
}

@book{weslec,
	author={A. Weinstein},
	title={Lectures on symplectic manifolds},
	publisher={Regional Conference Series in Mathematics 29, Amer. Math. Soc., Providence,},
	year={1977}
}

@book{woonot,
	author={C. Woodward},
	title={Notes on symplectic geometry, and geometric quantization},
	publisher={Internet},
	year={2000}
}

