@book{Stone,
author = {J. M. Stone},
title = {Radiation and Optics},
publisher = {Mc Graw Hill},
year = {1963},
address = {New York},

}

@book{Hetch,
author = {E. Hetch y A. Zajac},
title = {{\'O}ptica},
publisher = {Fondo educativo interamericano},
year = {1977},

}

@book{Guenther,
author = {R. Guenther},
title = {Modern optics},
publisher = {John Wiley and Sons},
year = {1990},

}

@book{Fowles,
author = {G. R. Fowles},
title = {Introduction to modern optics},
publisher = {Dover},
year = {1989},

}

@book{Jackson,
author = {J. D. Jackson},
title = {Electrodin{\'a}mica cl{\'a}sica},
publisher = {Alhambra},
year = {1980},

}

@book{Born,
author = {M. Born and E. Wolf},
title = {Principles of optics},
publisher = {Pergamon Press},
year = {1980},
address = {Oxford},

}

